@inproceedings{wang2020improvement,
  title={Improvement of MNIST Image Recognition Based on CNN},
  author={Wang, Yifan and Li, Fenghou and Sun, Hai and Li, Wenbo and Zhong, Cheng and Wu, Xuelian and Wang, Hailei and Wang, Ping},
  booktitle={IOP Conference Series: Earth and Environmental Science},
  volume={428},
  number={1},
  pages={012097},
  year={2020},
  organization={IOP Publishing}
}

@article{maad2015,
author = {Mijwil, Maad},
year = {2015},
month = {09},
pages = {},
title = {Handwriting Recognition Methods}
}

@ARTICLE{824821,
  author={R. {Plamondon} and S. N. {Srihari}},
  journal={IEEE Transactions on Pattern Analysis and Machine Intelligence}, 
  title={Online and off-line handwriting recognition: a comprehensive survey}, 
  year={2000},
  volume={22},
  number={1},
  pages={63-84}
}

@article{musab2017deep,
author = {Coşkun, Musab and yıldırım, Özal and Uçar, Ayşegül and Demir, Yakup},
year = {2017},
month = {12},
pages = {165-176},
title = {AN OVERVIEW OF POPULAR DEEP LEARNING METHODS},
volume = {7},
journal = {European Journal of Technic},
doi = {10.23884/ejt.2017.7.2.11}
}

@article{lecun2015deep,
  title={Deep learning},
  author={LeCun, Yann and Bengio, Yoshua and Hinton, Geoffrey},
  journal={nature},
  volume={521},
  number={7553},
  pages={436--444},
  year={2015},
  publisher={Nature Publishing Group}
}

@ARTICLE{lenet-5,  
author={Y. {Lecun} and L. {Bottou} and Y. {Bengio} and P. {Haffner}},  
journal={Proceedings of the IEEE},   
title={Gradient-based learning applied to document recognition},   
year={1998},  
volume={86},  
number={11},  
pages={2278-2324}
}

@inproceedings{lecun1990handwritten,
  title={Handwritten digit recognition with a back-propagation network},
  author={LeCun, Yann and Boser, Bernhard E and Denker, John S and Henderson, Donnie and Howard, Richard E and Hubbard, Wayne E and Jackel, Lawrence D},
  booktitle={Advances in neural information processing systems},
  pages={396--404},
  year={1990}
}


@article{fukushima1980neocognitron,
  title={Neocognitron: A self-organizing neural network model for a mechanism of pattern recognition unaffected by shift in position},
  author={Fukushima, Kunihiko},
  journal={Biological cybernetics},
  volume={36},
  number={4},
  pages={193--202},
  year={1980},
  publisher={Springer}
}

@article{alsaafin2017minimal,
  title={A minimal subset of features using feature selection for handwritten digit recognition},
  author={Alsaafin, Areej and Elnagar, Ashraf},
  journal={Journal of Intelligent Learning Systems and Applications},
  volume={9},
  number={4},
  pages={55--68},
  year={2017},
  publisher={Scientific Research Publishing}
}

@incollection{liu2008classification,
  title={Classification and learning methods for character recognition: Advances and remaining problems},
  author={Liu, Cheng-Lin and Fujisawa, Hiromichi},
  booktitle={Machine learning in document analysis and recognition},
  pages={139--161},
  year={2008},
  publisher={Springer}
}

@article{kalman1996singularly,
  title={A singularly valuable decomposition: the SVD of a matrix},
  author={Kalman, Dan},
  journal={The college mathematics journal},
  volume={27},
  number={1},
  pages={2--23},
  year={1996},
  publisher={Taylor \& Francis}
}

@article{baldominos2019survey,
  title={A survey of handwritten character recognition with mnist and emnist},
  author={Baldominos, Alejandro and Saez, Yago and Isasi, Pedro},
  journal={Applied Sciences},
  volume={9},
  number={15},
  pages={3169},
  year={2019},
  publisher={Multidisciplinary Digital Publishing Institute}
}
